

@misc{WEBREF,
  title        = {},
  howpublished = {\url{}, archived: \url{}},
  note         = {\textgreek{Ημερομηνία πρόσβασης}: 05-03-22}
}

@misc{BITCOIN,
  author       = {Satoshi Nakamoto},
  title        = {Bitcoin: A Peer-to-Peer Electronic Cash System},
  howpublished = {\url{https://bitcoin.org/bitcoin.pdf}, archived: \url{https://web.archive.org/web/20220228183629/https://bitcoin.org/bitcoin.pdf}},
  note         = {\textgreek{Ημερομηνία πρόσβασης}: 05-03-22}
}

@misc{TXFEES,
  title        = {Ethereum Avg. Transaction Fee historical chart},
  howpublished = {\url{https://bitinfocharts.com/comparison/ethereum-transactionfees.html#3y}, archived: \url{https://web.archive.org/web/20220305165612/https://bitinfocharts.com/comparison/ethereum-transactionfees.html#3y}},
  note         = {\textgreek{Ημερομηνία πρόσβασης}: 05-03-22}
}

@misc{FAQ,
  title        = {Go-Ethereum FAQ},
  howpublished = {\url{https://geth.ethereum.org/docs/faq}, archived: \url{https://web.archive.org/web/20220305170017/https://geth.ethereum.org/docs/faq}},
  note         = {\textgreek{Ημερομηνία πρόσβασης}: 05-03-22}
}

@misc{ETHERNODES,
  title        = {Ethereum Mainnet Statistics},
  howpublished = {\url{https://ethernodes.org/}, archived: \url{https://web.archive.org/web/20220227125253/https://ethernodes.org/}},
  note         = {\textgreek{Ημερομηνία πρόσβασης}: 05-03-22}
}

@misc{ETH2,
  title        = {Ethereum upgrades - Ethereum 2.0},
  howpublished = {\url{https://ethereum.org/en/upgrades/}, archived: \url{https://web.archive.org/web/20220211015539/https://ethereum.org/en/upgrades/}},
  note         = {\textgreek{σημειώσεις μετονομασίας}: \url{https://notes.ethereum.org/@timbeiko/great-renaming}, \textgreek{Ημερομηνία πρόσβασης}: 05-03-22}
}

@misc{YP,
  author       = {Gavin Wood},
  title        = {Ethereum: a Secure Decentralised Generalised Transaction Ledger},
  howpublished = {\url{https://github.com/ethereum/yellowpaper/blob/dbdce900343fe3ed2a33dc09bb746b3fa373dc0a/paper.pdf}},
  note         = {\textgreek{Έκδοση} Berlin, 21-02-22}
}

@misc{GETHFAQ,
  title        = {Erigon client},
  howpublished = {\url{https://github.com/ledgerwatch/erigon/tree/v2021.08.05}},
  note         = {\textgreek{Ημερομηνία έκδοσης}: 05-08-21}
}

@misc{GETH,
  title        = {Go-Ethereum client},
  howpublished = {\url{https://github.com/ethereum/go-ethereum/tree/v1.10.6}},
  note         = {\textgreek{Έκδοση}: Terra Nova (v1.10.6), 22-07-21}
}

@misc{GETHPREFETCH,
  title        = {Prefetching \textgreek{στον} Go-Ethereum client},
  howpublished = {\url{https://github.com/ethereum/go-ethereum/commit/bb9631c399392577b1d69a1e8f88a2ccbd05e4e1}},
}

@inproceedings {RAINBLOCK,
  author       = {Soujanya Ponnapalli and Aashaka Shah and Souvik Banerjee and Dahlia Malkhi and Amy Tai and Vijay Chidambaram and Michael Wei},
  title        = {{RainBlock}: Faster Transaction Processing in Public Blockchains},
  booktitle    = {2021 USENIX Annual Technical Conference (USENIX ATC 21)},
  year         = {2021},
  isbn         = {978-1-939133-23-6},
  pages        = {333--347},
  url          = {https://www.usenix.org/conference/atc21/presentation/ponnapalli},
  publisher    = {USENIX Association},
  month        = jul,
}

@article{ESSCE,
  author       = {Vikram Saraph and
               Maurice Herlihy},
  title        = {An Empirical Study of Speculative Concurrency in Ethereum Smart Contracts},
  journal      = {CoRR},
  volume       = {abs/1901.01376},
  year         = {2019},
  url          = {http://arxiv.org/abs/1901.01376},
  eprinttype   = {arXiv},
  eprint       = {1901.01376},
  timestamp    = {Thu, 31 Jan 2019 13:52:49 +0100},
  biburl       = {https://dblp.org/rec/journals/corr/abs-1901-01376.bib},
  bibsource    = {dblp computer science bibliography, https://dblp.org}
}

@article{EFOCESC,
  author       = {Parwat Singh Anjana and
               Sweta Kumari and
               Sathya Peri and
               Sachin Rathor and
               Archit Somani},
  title        = {An Efficient Framework for Concurrent Execution of Smart Contracts},
  journal      = {CoRR},
  volume       = {abs/1809.01326},
  year         = {2018},
  url          = {http://arxiv.org/abs/1809.01326},
  eprinttype   = {arXiv},
  eprint       = {1809.01326},
  timestamp    = {Fri, 05 Oct 2018 11:34:52 +0200},
  biburl       = {https://dblp.org/rec/journals/corr/abs-1809-01326.bib},
  bibsource    = {dblp computer science bibliography, https://dblp.org}
}

@article{ACSC,
  author       = {Thomas D. Dickerson and
               Paul Gazzillo and
               Maurice Herlihy and
               Eric Koskinen},
  title        = {Adding concurrency to smart contracts},
  journal      = {Distributed Comput.},
  volume       = {33},
  number       = {3-4},
  pages        = {209--225},
  year         = {2020},
  url          = {https://doi.org/10.1007/s00446-019-00357-z},
  doi          = {10.1007/s00446-019-00357-z},
  timestamp    = {Tue, 25 Aug 2020 09:35:01 +0200},
  biburl       = {https://dblp.org/rec/journals/dc/DickersonGHK20.bib},
  bibsource    = {dblp computer science bibliography, https://dblp.org}
}

@article{OTPE,
  author       = {Nadi Sarrar},
  title        = {On transaction parallelizability in Ethereum},
  journal      = {CoRR},
  volume       = {abs/1901.09942},
  year         = {2019},
  url          = {http://arxiv.org/abs/1901.09942},
  eprinttype   = {arXiv},
  eprint       = {1901.09942},
  timestamp    = {Sat, 02 Feb 2019 16:56:00 +0100},
  biburl       = {https://dblp.org/rec/journals/corr/abs-1901-09942.bib},
  bibsource    = {dblp computer science bibliography, https://dblp.org}
}

@inproceedings{LMDB,
  title        = {MDB: A memory-mapped database and backend for OpenLDAP},
  author       = {Howard Chu},
  booktitle    = {Proceedings of the 3rd International Conference on LDAP, Heidelberg, Germany},
  volume       = {35},
  year         = {2011},
  note         = {\textgreek{Μετονομάστηκε σε} LMDB: \url{https://en.wikipedia.org/wiki/Lightning_Memory-Mapped_Database#cite_ref-5}}
}

@misc{MDBX,
  title        = {MDBX},
  howpublished = {\url{https://github.com/erthink/libmdbx}},
  note         = {\textgreek{Ημερομηνία πρόσβασης}: 05-03-22}
}

@misc{SORTEDFAST,
  title        = {Erigon, inserting into database in sorted order},
  howpublished = {\url{https://github.com/ledgerwatch/erigon-lib/blob/143cd510bd602fa4999bf79de55ae240eeaa181b/etl/README.md}},
  note         = {\textgreek{Ημερομηνία πρόσβασης}: 05-03-22}
}

@misc{FAS,
  title        = {Feedback Arc Set},
  howpublished = {\url{https://en.wikipedia.org/wiki/Feedback_arc_set}, archived: \url{https://web.archive.org/web/20220305184813/https://en.wikipedia.org/wiki/Feedback_arc_set}},
  note         = {\textgreek{Ημερομηνία πρόσβασης}: 05-03-22}
}

@misc{DATAFLOW,
  title        = {Dataflow Analysis},
  howpublished = {\url{https://en.wikipedia.org/wiki/Data-flow_analysis}, archived: \url{https://web.archive.org/web/20220209182204/https://en.wikipedia.org/wiki/Data-flow_analysis}},
  note         = {\textgreek{Ημερομηνία πρόσβασης}: 05-03-22}
}

@misc{GOCHAN,
  title        = {Go Language Specification},
  howpublished = {\url{https://go.dev/ref/spec}, archived: \url{https://web.archive.org/web/20220228034403/https://go.dev/ref/spec}},
  note         = {\textgreek{Ημερομηνία πρόσβασης}: 05-03-22}
}

@misc{METADATA,
  title        = {Solidity contract metadata},
  howpublished = {\url{https://docs.soliditylang.org/en/v0.8.12/metadata.html}, archived: \url{https://web.archive.org/web/20220305184124/https://docs.soliditylang.org/en/v0.8.12/metadata.html}},
  note         = {\textgreek{Ημερομηνία πρόσβασης}: 05-03-22}
}

@article{SSA,
  author    = {Ron Cytron and
               Jeanne Ferrante and
               Barry K. Rosen and
               Mark N. Wegman and
               F. Kenneth Zadeck},
  title     = {Efficiently Computing Static Single Assignment Form and the Control
               Dependence Graph},
  journal   = {{ACM} Trans. Program. Lang. Syst.},
  volume    = {13},
  number    = {4},
  pages     = {451--490},
  year      = {1991},
  url       = {https://doi.org/10.1145/115372.115320},
  doi       = {10.1145/115372.115320},
  timestamp = {Wed, 14 Nov 2018 10:30:40 +0100},
  biburl    = {https://dblp.org/rec/journals/toplas/CytronFRWZ91.bib},
  bibsource = {dblp computer science bibliography, https://dblp.org}
}

@misc{TXCHART,
  title        = {Ethereum Daily Transactions Chart},
  howpublished = {\url{https://etherscan.io/chart/tx}, archived: \url{https://web.archive.org/web/20220216181803/https://etherscan.io/chart/tx}},
  note         = {\textgreek{Ημερομηνία πρόσβασης}: 05-03-22}
}

@misc{LOCKOSTHREAD,
  title        = {\textgreek{Συνάρτηση} LockOSThread() \textgreek{της} Go},
  howpublished = {\url{https://pkg.go.dev/runtime#LockOSThread}, archived: \url{https://web.archive.org/web/20220209141857/https://pkg.go.dev/runtime#LockOSThread}},
  note         = {\textgreek{Ημερομηνία πρόσβασης}: 05-03-22}
}

@misc{AFFINITY,
  title        = {\textgreek{Συνάρτηση} SchedSetaffinity \textgreek{στην} Go},
  howpublished = {\url{https://pkg.go.dev/golang.org/x/sys/unix#SchedSetaffinity}, archived: \url{https://web.archive.org/web/20211127063716/https://pkg.go.dev/golang.org/x/sys/unix}},
  note         = {\textgreek{Ημερομηνία πρόσβασης}: 05-03-22}
}

@misc{TASKSET,
  title        = {\textgreek{Σελίδα οδηγειών} (manpage) \textgreek{του} taskset},
  howpublished = {\url{https://man7.org/linux/man-pages/man1/taskset.1.html}, archived: \url{https://web.archive.org/web/20220216023452/https://man7.org/linux/man-pages/man1/taskset.1.html}},
  note         = {\textgreek{Ημερομηνία πρόσβασης}: 05-03-22}
}

@misc{TSC,
  title        = {Time Stamp Counter},
  howpublished = {\url{https://en.wikipedia.org/wiki/Time_Stamp_Counter}, archived: \url{https://web.archive.org/web/20220217175243/https://en.wikipedia.org/wiki/Time_Stamp_Counter}},
  note         = {\textgreek{Ημερομηνία πρόσβασης}: 05-03-22}
}


%%%%%%%%%%%%%%%%%%%%%%%%%%%%%%%%%%%%%%%%%%%%%%%%%%%%%%%%%%%%%%%%%%%%%%%
% ΠΡΟΣΟΧΗ:
%%%%%%%%%%%%%%%%%%%%%%%%%%%%%%%%%%%%%%%%%%%%%%%%%%%%%%%%%%%%%%%%%%%%%%%
% Οι δηλώσεις των εγγραφών να γίνονται με πεζούς χαρακτήρες
% π.χ. book και όχι BOOK
%%%%%%%%%%%%%%%%%%%%%%%%%%%%%%%%%%%%%%%%%%%%%%%%%%%%%%%%%%%%%%%%%%%%%%%

% Βιβλία Ξενόγλωσσα
@book{goossens93,
    author    = "M. Goossens and F. Mittelbach and A. Samarin",
    title     = "The LaTeX Companion",
    year      = "1993",
    publisher = "Addison-Wesley",
    address   = "Reading, Massachusetts",
    edition = "9"
}

% Βιβλία Ελληνικά
@book{greekbook,
    author    = "\textgreek{Ι. Κάβουρας}",
    title     = "\textgreek{Συστήματα Υπολογιστών}",
    year      = "1991",
    publisher = "\textgreek{Κλειδάριθμος}",
    address   = "\textgreek{Αθήνα}",
    edition = "3"
}

% Άρθρα σε διεθνή επιστημονικά περιοδικά
@article{LiArTs13,
  author = {J. Liaperdos and A. Arapoyanni and Y. Tsiatouhas},
  year = 2013,
  month={sep},
  title = {Adjustable {RF} Mixers' Alternate Test Efficiency Optimization by
          the Reduction of Test Observables},
  journal = {{IEEE} Transactions on Computer-Aided Design of Integrated
            Circuits and Systems},
  volume = 32,
  number = 9,
  pages = {1383-1394}
}

% Άρθρα σε διεθνή επιστημονικά συνέδρια
@inproceedings{dcis2011,
  author = {I. Liaperdos and L. Dermentzoglou and A. Arapoyanni and Y. Tsiatouhas},
  title = {Fault Detection in {RF} Mixers Combining Defect-Oriented and Alternate Test Strategies},
  booktitle = {26th Conference on Design of Circuits and Integrated Systems (DCIS)},
  year = {2011},
  address = {San Sebastian, Spain},
  month = {nov}
}

% Ιστοσελίδες
@misc{LaTeXProject,
  title = {{LaTeX} Project},
  howpublished = {\url{http://www.latex-project.org}},
  note = {\textgreek{Ημερομηνία πρόσβασης}: 13-11-2014}
}

% Πτυχιακές Εργασίες
@ptychionthesis{elli05,
  author =       "\textgreek{Ε. Ανδρουλάκη}",
  title =        "\textgreek{Υλοποίηση Ενεργού Μηχανισμού σε Σύστημα Ομότιμων Βάσεων}",
  school =  "KDBS Lab, \textgreek{Εθνικό Μετσόβιο Πολυτεχνείο}",
  year =         "2005",
  month =        "jul"
}

% Διπλωματικές Εργασίες
@diplomathesis{zoi04,
  author =       "\textgreek{Ζ. Καούδη}",
  title =        "\textgreek{Πρότυπο Σύστημα Αποθήκευσης και Διαχείρισης Σχημάτων \en{RDFS}}",
  school =  "\textgreek{Εθνικό Μετσόβιο Πολυτεχνείο}",
  year =         "2004",
  month =        "jul"
}

% Μεταπτυχιακές Διπλωματικές Εργασίες
@mastersthesis{master04,
  author =       "\textgreek{Ζ. Λάσκαρη}",
  title =        "\textgreek{Κοινωνική Ανάλυση των Ταινιών της \en{Finos Films}}",
  school =  "\textgreek{Εθνικό Μετσόβιο Πολυτεχνείο}",
  year =         "2012",
  month =        "aug"
}

% Διδακτορικές Διατριβές
@phdthesis{phd045,
  author =       "\textgreek{Ζ. Κουρούκλη}",
  title =        "\textgreek{Κατανεμημένα Συστήματα}",
  school =  "\textgreek{ΤΕΙ Πελοποννήσου}",
  year =         "2013",
  month =        "dec"
}

% Τεχνικές Αναφορές
@techreport{MSU-CSE-05-29,
  author =        {J. Gao, H. Cheng and P.-N. Tan},
  title =         {A Framework for Incorporating Labeled Examples into Anomaly Detection},
  number =        {\textlatin{MSU-CSE-05-29}},
  institution =   {Department of Computer Science, Michigan State University},
  address=       {East Lansing, Michigan},
  year  =         {2005}
}

% Διπλώματα Ευρεσιτεχνίας (πατέντες)
@patent{viswanathan2014convenient,
  author={Viswanathan, P. and Winner, G. and Vyas, P.},
  title={Convenient Provisioning of Embedded Devices with WiFi Capability},
  number =        {\textlatin{US Patent 8,665,744}},
  year  =         {2014}
}

